<collection xmlns="http://www.loc.gov/MARC21/slim">
<record>
  <leader>01695nam0a2200337 i 450 </leader>
  <controlfield tag="001">IT\ICCU\CNCE\008200</controlfield>
  <controlfield tag="005">20080320000000.0</controlfield>
  <datafield tag="012" ind1=" " ind2=" ">
    <subfield code="a">onde uee- eis, musu (3) 1577 (A)</subfield>
    <subfield code="2">fei</subfield>
  </datafield>
  <datafield tag="100" ind1=" " ind2=" ">
    <subfield code="a">19970101d1577        0itac0103    ba</subfield>
  </datafield>
  <datafield tag="101" ind1=" " ind2=" ">
    <subfield code="a">LAT</subfield>
  </datafield>
  <datafield tag="102" ind1=" " ind2=" ">
    <subfield code="a">IT</subfield>
  </datafield>
  <datafield tag="200" ind1="1" ind2=" ">
    <subfield code="a">℗Caesarii Arelatensis episcopi, ℗Homilia \!! XLV, e tenebris in lucem reuocatae</subfield>
  </datafield>
  <datafield tag="210" ind1=" " ind2=" ">
    <subfield code="a">Calari</subfield>
    <subfield code="c">per Franciscum Guarnerium typographum r.d.d. Nicolai Cannellas</subfield>
    <subfield code="d">1577</subfield>
  </datafield>
  <datafield tag="215" ind1=" " ind2=" ">
    <subfield code="a">\8!, 240 p.</subfield>
    <subfield code="d">8ʻ</subfield>
  </datafield>
  <datafield tag="620" ind1=" " ind2=" ">
    <subfield code="a">IT</subfield>
    <subfield code="d">Cagliari</subfield>
  </datafield>
  <datafield tag="700" ind1=" " ind2="0">
    <subfield code="a">Caesarius</subfield>
    <subfield code="c"> : Arelatensis</subfield>
    <subfield code="c"> &lt;santo&gt;</subfield>
    <subfield code="3">IT\ICCU\CNCA\002327</subfield>
  </datafield>
  <datafield tag="712" ind1="0" ind2="0">
    <subfield code="a">Guarnerio, Francesco</subfield>
    <subfield code="3">IT\ICCU\CNCT\000609</subfield>
    <subfield code="4">650</subfield>
  </datafield>
  <datafield tag="712" ind1="0" ind2="0">
    <subfield code="a"></subfield>
    <subfield code="3">IT\ICCU\CNCT\000480</subfield>
    <subfield code="4">650</subfield>
  </datafield>
  <datafield tag="791" ind1="0" ind2="0">
    <subfield code="a">Guarnerius, Franciscus</subfield>
    <subfield code="3">IT\ICCU\CNCT\005062</subfield>
    <subfield code="z">Guarnerio, Francesco</subfield>
  </datafield>
  <datafield tag="791" ind1="0" ind2="0">
    <subfield code="a">Guarner, Francisco</subfield>
    <subfield code="3">IT\ICCU\CNCT\005063</subfield>
    <subfield code="z">Guarnerio, Francesco</subfield>
  </datafield>
  <datafield tag="791" ind1="0" ind2="0">
    <subfield code="a">Guarneriu, Franciscu</subfield>
    <subfield code="3">IT\ICCU\CNCT\005064</subfield>
    <subfield code="z">Guarnerio, Francesco</subfield>
  </datafield>
  <datafield tag="791" ind1="0" ind2="0">
    <subfield code="a">Canyellas, Nicolaus</subfield>
    <subfield code="3">IT\ICCU\CNCT\003133</subfield>
    <subfield code="z"></subfield>
  </datafield>
  <datafield tag="791" ind1="0" ind2="0">
    <subfield code="a">Cannyelles, Nicolaus</subfield>
    <subfield code="3">IT\ICCU\CNCT\003134</subfield>
    <subfield code="z"></subfield>
  </datafield>
  <datafield tag="791" ind1="0" ind2="0">
    <subfield code="a">Canellas, Nicolau</subfield>
    <subfield code="3">IT\ICCU\CNCT\004434</subfield>
    <subfield code="z"></subfield>
  </datafield>
  <datafield tag="801" ind1=" " ind2="3">
    <subfield code="a">IT</subfield>
    <subfield code="b">ICCU</subfield>
    <subfield code="c">20201113</subfield>
  </datafield>
  <datafield tag="899" ind1=" " ind2=" ">
    <subfield code="a">Biblioteca regionale. Cagliari</subfield>
    <subfield code="1">CA0159</subfield>
    <subfield code="2">CAG SA</subfield>
  </datafield>
  <datafield tag="899" ind1=" " ind2=" ">
    <subfield code="a">Biblioteca universitaria. Cagliari</subfield>
    <subfield code="1">CA0194</subfield>
    <subfield code="2">CAG UC</subfield>
  </datafield>
  <datafield tag="899" ind1=" " ind2=" ">
    <subfield code="a">Biblioteca Apostolica Vaticana. Citt ̉del Vaticano</subfield>
    <subfield code="1">EX0001</subfield>
    <subfield code="2">ZCV 01</subfield>
  </datafield>
  <datafield tag="899" ind1=" " ind2=" ">
    <subfield code="a">Biblioteca universitaria. Sassari</subfield>
    <subfield code="1">SS0073</subfield>
    <subfield code="2">CAG US</subfield>
  </datafield>
  <datafield tag="911" ind1=" " ind2=" ">
    <subfield code="a">Sul front.</subfield>
    <subfield code="9">IT\ICCU\CNCM\000551</subfield>
  </datafield>
  <datafield tag="921" ind1=" " ind2=" ">
    <subfield code="a">IT\ICCU\CNCM\000551</subfield>
    <subfield code="b">Ape posata su un fiore. In cornice figurata.</subfield>
    <subfield code="e">Pasco ut prosim; Cm forti vigilo</subfield>
    <subfield code="c">V31</subfield>
    <subfield code="c">Z104</subfield>
    <subfield code="d">Dimensione: 4,6 x 5,4</subfield>
    <subfield code="f">APE</subfield>
    <subfield code="f">FIORE</subfield>
    <subfield code="f">PASCOUTPRO</subfield>
    <subfield code="g">1566-1580</subfield>
  </datafield>
</record>
</collection>
